@article{macevicz1976modeling,
  title={Modeling social insect populations II: Optimal reproductive strategies in annual eusocial insect colonies},
  author={Macevicz, S and Oster, G},
  journal={Behavioral Ecology and Sociobiology},
  volume={1},
  number={3},
  pages={265--282},
  year={1976},
  publisher={Springer}
}

@article{greene1984production,
  title={Production schedules of vespine wasps: an empirical test of the bang-bang optimization model},
  author={Greene, Albert},
  journal={Journal of the Kansas Entomological Society},
  pages={545--568},
  year={1984},
  publisher={JSTOR}
}

@article{ode2002resource,
  title={Resource abundance and sex allocation by queen and workers in the harvester ant, Messor pergandei},
  author={Ode, Paul J and Rissing, Steven W},
  journal={Behavioral ecology and sociobiology},
  volume={51},
  number={6},
  pages={548--556},
  year={2002},
  publisher={Springer}
}

@article{mitesser2007optimal,
  title={Optimal investment allocation in primitively eusocial bees: a balance model based on resource limitation of the queen},
  author={Mitesser, O and Weissel, N},
  journal={Insectes sociaux},
  volume={54},
  number={3},
  pages={234--241},
  year={2007},
  publisher={Springer}
}

@article{hopper1999risk,
  title={Risk-spreading and bet-hedging in insect population biology},
  author={Hopper, Keith R},
  journal={Annual review of entomology},
  volume={44},
  number={1},
  pages={535--560},
  year={1999},
  publisher={Annual Reviews 4139 El Camino Way, PO Box 10139, Palo Alto, CA 94303-0139, USA}
}

@article{mitesser2007adaptive,
  title={Adaptive dynamic resource allocation in annual eusocial insects: environmental variation will not necessarily promote graded control},
  author={Mitesser, O and Weissel, N},
  journal={BMC ecology},
  volume={7},
  number={1},
  pages={16},
  year={2007},
  publisher={BioMed Central}
}

@article{beekman1998optimal,
  title={Optimal timing of the production of sexuals in bumblebee colonies},
  author={Beekman, M and Lingeman, R and Kleijne, FM and Sabelis, MW},
  journal={Entomologia experimentalis et applicata},
  volume={88},
  number={2},
  pages={147--154},
  year={1998},
  publisher={Wiley Online Library}
}

@article{khoury2011quantitative,
  title={A quantitative model of honey bee colony population dynamics},
  author={Khoury, David S and Myerscough, Mary R and Barron, Andrew B},
  journal={PloS one},
  volume={6},
  number={4},
  year={2011},
  publisher={Public Library of Science}
}

@article{beekman1998optimal,
author = {Beekman, Madeleine and Lingeman, R. and Kleijne, F. and Sabelis, M.},
year = {1998},
month = {08},
pages = {147-154},
title = {Optimal timing of the production of sexuals in bumblebee colonies},
volume = {88},
journal = {Entomologia Experimentalis et Applicata},
doi = {10.1023/A:1003401628843}
}

@incollection{harberger1995monopoly,
  title={Monopoly and resource allocation},
  author={Harberger, Arnold C},
  booktitle={Essential Readings in Economics},
  pages={77--90},
  year={1995},
  publisher={Springer}
}

@article{hui1988resource,
  title={Resource allocation for broadband networks},
  author={Hui, Joseph Y},
  journal={IEEE Journal on selected areas in communications},
  volume={6},
  number={9},
  pages={1598--1608},
  year={1988},
  publisher={IEEE}
}

@article{heinrich1976resource,
  title={Resource partitioning among some eusocial insects: bumblebees},
  author={Heinrich, Bernd},
  journal={Ecology},
  volume={57},
  number={5},
  pages={874--889},
  year={1976},
  publisher={Wiley Online Library}
}

@article{poitrineau2009workers,
  title={Workers, sexuals, or both? Optimal allocation of resources to reproduction and growth in annual insect colonies},
  author={Poitrineau, K and Mitesser, O and Poethke, HJ},
  journal={Insectes sociaux},
  volume={56},
  number={2},
  pages={119--129},
  year={2009},
  publisher={Springer}
}
